<?xml version="1.0" encoding="UTF-8"?><collection xmlns="http://www.loc.gov/MARC21/slim"><record><leader>00628nam--2200181-i-4500</leader><controlfield tag="001">000029740</controlfield><controlfield tag="002">20161230</controlfield><controlfield tag="005">20161230201037</controlfield><controlfield tag="008">060222s1000------------r-----000-0-eng-d</controlfield><datafield ind1=" " ind2=" " tag="040"><subfield code="a">IFIN-HH</subfield></datafield><datafield ind1=" " ind2=" " tag="080"><subfield code="a">537.56(061.3)</subfield></datafield><datafield ind1="1" ind2=" " tag="100"><subfield code="a">Kurepa, M.V</subfield></datafield><datafield ind1="1" ind2="0" tag="245"><subfield code="a">Physics of ionized gases 1972</subfield><subfield code="b">Proceedings of invited lectures given at the vi yugoslav symposium and summer school on the hysics of ionized gases mijevac split, yugoslavia july 16-21, 1972</subfield><subfield code="c">M.v kurepa (ed.)</subfield></datafield><datafield ind1=" " ind2=" " tag="260"><subfield code="a">Beograd</subfield><subfield code="b">Institute Of Physics</subfield><subfield code="c">1972</subfield></datafield><datafield ind1=" " ind2=" " tag="300"><subfield code="a">XII+818P</subfield></datafield><datafield ind1=" " ind2=" " tag="490"><subfield code="a">Proceedings</subfield></datafield><datafield ind1=" " ind2=" " tag="852"><subfield code="a">42413</subfield><subfield code="c">537.52</subfield></datafield><datafield ind1=" " ind2=" " tag="CAT"><subfield code="a">Sys</subfield><subfield code="c">20110804</subfield><subfield code="h">103958</subfield></datafield></record></collection>